%YAML 1.1
%TAG !u! tag:unity3d.com,2011:
--- !u!1 &8986887673786861919
GameObject:
  m_ObjectHideFlags: 0
  m_CorrespondingSourceObject: {fileID: 0}
  m_PrefabInstance: {fileID: 0}
  m_PrefabAsset: {fileID: 0}
  serializedVersion: 6
  m_Component:
  - component: {fileID: 8986887675201268638}
  - component: {fileID: 8986887675201268637}
  - component: {fileID: 8986887673786861914}
  - component: {fileID: 8986887673786861913}
  - component: {fileID: 6175815361497634174}
  - component: {fileID: 7489140417572974684}
  - component: {fileID: 7907199310347430485}
  m_Layer: 9
  m_Name: DefaultMaleAvatar
  m_TagString: Untagged
  m_Icon: {fileID: 0}
  m_NavMeshLayer: 0
  m_StaticEditorFlags: 0
  m_IsActive: 1
--- !u!4 &8986887675201268638
Transform:
  m_ObjectHideFlags: 0
  m_CorrespondingSourceObject: {fileID: 0}
  m_PrefabInstance: {fileID: 0}
  m_PrefabAsset: {fileID: 0}
  m_GameObject: {fileID: 8986887673786861919}
  m_LocalRotation: {x: 0, y: 1, z: 0, w: 0}
  m_LocalPosition: {x: 0, y: 0, z: 0}
  m_LocalScale: {x: 1, y: 1, z: 1}
  m_Children: []
  m_Father: {fileID: 0}
  m_RootOrder: 0
  m_LocalEulerAnglesHint: {x: 0, y: 180, z: 0}
--- !u!114 &8986887675201268637
MonoBehaviour:
  m_ObjectHideFlags: 0
  m_CorrespondingSourceObject: {fileID: 0}
  m_PrefabInstance: {fileID: 0}
  m_PrefabAsset: {fileID: 0}
  m_GameObject: {fileID: 8986887673786861919}
  m_Enabled: 1
  m_EditorHideFlags: 0
  m_Script: {fileID: 11500000, guid: bcffb0a198605474c8a4d1c67c1515fe, type: 3}
  m_Name: 
  m_EditorClassIdentifier: 
  context: {fileID: 0}
  umaData: {fileID: 0}
  defaultRendererAsset: {fileID: 0}
  umaRecipe: {fileID: 0}
  umaAdditionalRecipes:
  - {fileID: 11400000, guid: 1f292487d7383514f97c491cadfb0442, type: 2}
  - {fileID: 11400000, guid: 920d59ac577b2d9449aa36a4d9e86f10, type: 2}
  umaGenerator: {fileID: 0}
  animationController: {fileID: 0}
  CharacterCreated:
    m_PersistentCalls:
      m_Calls: []
  CharacterBegun:
    m_PersistentCalls:
      m_Calls: []
  CharacterDestroyed:
    m_PersistentCalls:
      m_Calls: []
  CharacterUpdated:
    m_PersistentCalls:
      m_Calls: []
  CharacterDnaUpdated:
    m_PersistentCalls:
      m_Calls: []
  AnimatorStateSaved:
    m_PersistentCalls:
      m_Calls: []
  AnimatorStateRestored:
    m_PersistentCalls:
      m_Calls: []
  DelayUnload: 2
  BundleCheck: 1
  KeepAnimatorController: 0
  RecipeUpdated:
    m_PersistentCalls:
      m_Calls: []
  hide: 0
  loadBlendShapes: 0
  keepAvatar: 0
  activeRace:
    name: HumanMale
  defaultChangeRaceOptions: 8
  cacheCurrentState: 1
  rebuildSkeleton: 0
  preloadWardrobeRecipes:
    loadDefaultRecipes: 1
    recipes:
    - _recipeName: MaleUnderwear
      _compatibleRaces:
      - HumanMale
      - HumanMaleDCS
    - _recipeName: MaleShortHair_Recipe
      _compatibleRaces:
      - HumanMale
      - HumanMaleDCS
    - _recipeName: TallShoes_Black_Recipe
      _compatibleRaces:
      - HumanMale
      - HumanMaleDCS
      - HumanMaleHighPoly
    - _recipeName: MaleHoodie_Recipe
      _compatibleRaces:
      - HumanMale
      - HumanMaleDCS
    - _recipeName: MaleJeans
      _compatibleRaces:
      - HumanMaleDCS
      - HumanMale
    - _recipeName: MaleBrow01
      _compatibleRaces:
      - HumanMale
      - HumanMaleDCS
  raceAnimationControllers:
    defaultAnimationController: {fileID: 9100000, guid: eb280940c811fab4a9e3ddf09381c343,
      type: 2}
    animators:
    - raceName: ToonFemale
      animatorControllerName: IdleTest-w-head
      animatorController: {fileID: 0}
    - raceName: HumanMaleDCS
      animatorControllerName: Locomotion with Head
      animatorController: {fileID: 0}
    - raceName: HumanFemaleResources
      animatorControllerName: Locomotion with Head
      animatorController: {fileID: 0}
    dynamicallyAddFromResources: 0
    resourcesFolderPath: 
  characterColors:
    _colors:
    - name: Hair
      channelMask:
      - {r: 0.3529412, g: 0.21568629, b: 0.14117648, a: 1}
      - {r: 1, g: 1, b: 1, a: 1}
      - {r: 1, g: 1, b: 1, a: 1}
      channelAdditiveMask:
      - {r: 0, g: 0, b: 0, a: 0}
      - {r: 0, g: 0, b: 0, a: 0}
      - {r: 0, g: 0, b: 0, a: 0}
      _name: 
      _color: {r: 0.3529412, g: 0.21568629, b: 0.14117648, a: 1}
      _metallicGloss: {r: 0, g: 0, b: 0, a: 0}
      Raw: 0
      valuesConverted: 0
    - name: Eyes
      channelMask:
      - {r: 0.28627452, g: 0.40784317, b: 1, a: 1}
      - {r: 1, g: 1, b: 1, a: 1}
      - {r: 1, g: 1, b: 1, a: 1}
      channelAdditiveMask:
      - {r: 0, g: 0, b: 0, a: 0}
      - {r: 0, g: 0, b: 0, a: 0}
      - {r: 0, g: 0, b: 0, a: 0}
      _name: 
      _color: {r: 0.28627452, g: 0.40784317, b: 1, a: 1}
      _metallicGloss: {r: 0, g: 0, b: 0, a: 0}
      Raw: 0
      valuesConverted: 0
    - name: Skin
      channelMask:
      - {r: 0.9338235, g: 0.9185755, b: 0.88575906, a: 1}
      - {r: 1, g: 1, b: 1, a: 1}
      - {r: 1, g: 1, b: 1, a: 1}
      channelAdditiveMask:
      - {r: 0, g: 0, b: 0, a: 0}
      - {r: 0, g: 0, b: 0, a: 0}
      - {r: 0, g: 0, b: 0, a: 0}
      _name: 
      _color: {r: 0.9632353, g: 0.82158303, b: 0.82158303, a: 1}
      _metallicGloss: {r: 0, g: 0, b: 0, a: 0}
      Raw: 0
      valuesConverted: 0
    - name: Pants1
      channelMask:
      - {r: 0.3529412, g: 0.4156863, b: 0.6392157, a: 1}
      - {r: 1, g: 1, b: 1, a: 1}
      - {r: 1, g: 1, b: 1, a: 1}
      channelAdditiveMask:
      - {r: 0, g: 0, b: 0, a: 0}
      - {r: 0, g: 0, b: 0, a: 0}
      - {r: 0, g: 0, b: 0, a: 0}
      _name: 
      _color: {r: 0.3529412, g: 0.4156863, b: 0.6392157, a: 1}
      _metallicGloss: {r: 0, g: 0, b: 0, a: 0}
      Raw: 0
      valuesConverted: 0
  predefinedDNA:
    PreloadValues: []
  loadPathType: 2
  loadPath: CharacterRecipes
  loadFilename: 
  loadString: 
  loadFileOnStart: 0
  AtlasResolutionScale: 1
  defaultLoadOptions: 31
  savePathType: 0
  savePath: CharacterRecipes
  saveFilename: 
  makeUniqueFilename: 0
  ensureSharedColors: 0
  defaultSaveOptions: 15
  BoundsOffset: {x: 0, y: 0, z: 0}
  showPlaceholder: 1
  previewModel: 0
  customModel: {fileID: 0}
  customRotation: {x: 0, y: 0, z: 0}
  previewColor: {r: 0, g: 0, b: 1, a: 1}
  _buildCharacterEnabled: 1
--- !u!114 &8986887673786861914
MonoBehaviour:
  m_ObjectHideFlags: 0
  m_CorrespondingSourceObject: {fileID: 0}
  m_PrefabInstance: {fileID: 0}
  m_PrefabAsset: {fileID: 0}
  m_GameObject: {fileID: 8986887673786861919}
  m_Enabled: 1
  m_EditorHideFlags: 0
  m_Script: {fileID: 11500000, guid: d0b148fe25e99eb48b9724523833bab1, type: 3}
  m_Name: 
  m_EditorClassIdentifier: 
  m_Delegates:
  - eventID: 4
    callback:
      m_PersistentCalls:
        m_Calls:
        - m_Target: {fileID: 0}
          m_MethodName: SetActive
          m_Mode: 6
          m_Arguments:
            m_ObjectArgument: {fileID: 0}
            m_ObjectArgumentAssemblyTypeName: UnityEngine.Object, UnityEngine
            m_IntArgument: 0
            m_FloatArgument: 0
            m_StringArgument: 
            m_BoolArgument: 1
          m_CallState: 2
        - m_Target: {fileID: 0}
          m_MethodName: SetActive
          m_Mode: 6
          m_Arguments:
            m_ObjectArgument: {fileID: 0}
            m_ObjectArgumentAssemblyTypeName: UnityEngine.Object, UnityEngine
            m_IntArgument: 0
            m_FloatArgument: 0
            m_StringArgument: 
            m_BoolArgument: 1
          m_CallState: 2
        - m_Target: {fileID: 0}
          m_MethodName: SetAvatar
          m_Mode: 2
          m_Arguments:
            m_ObjectArgument: {fileID: 0}
            m_ObjectArgumentAssemblyTypeName: UnityEngine.GameObject, UnityEngine
            m_IntArgument: 0
            m_FloatArgument: 0
            m_StringArgument: 
            m_BoolArgument: 1
          m_CallState: 2
        - m_Target: {fileID: 0}
          m_MethodName: SetActive
          m_Mode: 6
          m_Arguments:
            m_ObjectArgument: {fileID: 0}
            m_ObjectArgumentAssemblyTypeName: UnityEngine.Object, UnityEngine
            m_IntArgument: 0
            m_FloatArgument: 0
            m_StringArgument: 
            m_BoolArgument: 0
          m_CallState: 2
        - m_Target: {fileID: 0}
          m_MethodName: SetActive
          m_Mode: 6
          m_Arguments:
            m_ObjectArgument: {fileID: 0}
            m_ObjectArgumentAssemblyTypeName: UnityEngine.Object, UnityEngine
            m_IntArgument: 0
            m_FloatArgument: 0
            m_StringArgument: 
            m_BoolArgument: 1
          m_CallState: 2
--- !u!114 &8986887673786861913
MonoBehaviour:
  m_ObjectHideFlags: 0
  m_CorrespondingSourceObject: {fileID: 0}
  m_PrefabInstance: {fileID: 0}
  m_PrefabAsset: {fileID: 0}
  m_GameObject: {fileID: 8986887673786861919}
  m_Enabled: 1
  m_EditorHideFlags: 0
  m_Script: {fileID: 11500000, guid: 53b5d39ea58489b42985b76682b492f6, type: 3}
  m_Name: 
  m_EditorClassIdentifier: 
  lodDistance: 5
  swapSlots: 0
  lodOffset: 0
  maxLOD: 5
  maxReduction: 8
  useSlotDropping: 1
  BufferZone: 0
--- !u!114 &6175815361497634174
MonoBehaviour:
  m_ObjectHideFlags: 0
  m_CorrespondingSourceObject: {fileID: 0}
  m_PrefabInstance: {fileID: 0}
  m_PrefabAsset: {fileID: 0}
  m_GameObject: {fileID: 8986887673786861919}
  m_Enabled: 1
  m_EditorHideFlags: 0
  m_Script: {fileID: 11500000, guid: 2c507518e8ec026428ef2a3f0f0ab3b3, type: 3}
  m_Name: 
  m_EditorClassIdentifier: 
  center: {x: -0.01750653, y: 0.001595325, z: 0.06732642}
  size: {x: 0.3802873, y: 0.2443287, z: 0.2941619}
  headTag: head
--- !u!82 &7489140417572974684
AudioSource:
  m_ObjectHideFlags: 0
  m_CorrespondingSourceObject: {fileID: 0}
  m_PrefabInstance: {fileID: 0}
  m_PrefabAsset: {fileID: 0}
  m_GameObject: {fileID: 8986887673786861919}
  m_Enabled: 1
  serializedVersion: 4
  OutputAudioMixerGroup: {fileID: 0}
  m_audioClip: {fileID: 8300000, guid: f3dc5790e85eb3249b39e05e0396b6d4, type: 3}
  m_PlayOnAwake: 0
  m_Volume: 0.4
  m_Pitch: 1
  Loop: 0
  Mute: 0
  Spatialize: 0
  SpatializePostEffects: 0
  Priority: 128
  DopplerLevel: 1
  MinDistance: 1
  MaxDistance: 500
  Pan2D: 0
  rolloffMode: 0
  BypassEffects: 0
  BypassListenerEffects: 0
  BypassReverbZones: 0
  rolloffCustomCurve:
    serializedVersion: 2
    m_Curve:
    - serializedVersion: 3
      time: 0
      value: 1
      inSlope: 0
      outSlope: 0
      tangentMode: 0
      weightedMode: 0
      inWeight: 0.33333334
      outWeight: 0.33333334
    - serializedVersion: 3
      time: 1
      value: 0
      inSlope: 0
      outSlope: 0
      tangentMode: 0
      weightedMode: 0
      inWeight: 0.33333334
      outWeight: 0.33333334
    m_PreInfinity: 2
    m_PostInfinity: 2
    m_RotationOrder: 4
  panLevelCustomCurve:
    serializedVersion: 2
    m_Curve:
    - serializedVersion: 3
      time: 0
      value: 0
      inSlope: 0
      outSlope: 0
      tangentMode: 0
      weightedMode: 0
      inWeight: 0.33333334
      outWeight: 0.33333334
    m_PreInfinity: 2
    m_PostInfinity: 2
    m_RotationOrder: 4
  spreadCustomCurve:
    serializedVersion: 2
    m_Curve:
    - serializedVersion: 3
      time: 0
      value: 0
      inSlope: 0
      outSlope: 0
      tangentMode: 0
      weightedMode: 0
      inWeight: 0.33333334
      outWeight: 0.33333334
    m_PreInfinity: 2
    m_PostInfinity: 2
    m_RotationOrder: 4
  reverbZoneMixCustomCurve:
    serializedVersion: 2
    m_Curve:
    - serializedVersion: 3
      time: 0
      value: 1
      inSlope: 0
      outSlope: 0
      tangentMode: 0
      weightedMode: 0
      inWeight: 0.33333334
      outWeight: 0.33333334
    m_PreInfinity: 2
    m_PostInfinity: 2
    m_RotationOrder: 4
--- !u!114 &7907199310347430485
MonoBehaviour:
  m_ObjectHideFlags: 0
  m_CorrespondingSourceObject: {fileID: 0}
  m_PrefabInstance: {fileID: 0}
  m_PrefabAsset: {fileID: 0}
  m_GameObject: {fileID: 8986887673786861919}
  m_Enabled: 1
  m_EditorHideFlags: 0
  m_Script: {fileID: 11500000, guid: bccfe6520472fa749984359e6b0654b2, type: 3}
  m_Name: 
  m_EditorClassIdentifier: 
  menu: {fileID: 0}
  player: {fileID: 0}
  playerMask:
    serializedVersion: 2
    m_Bits: 1024
  distance: 1
  loseTime: 5
  youLostText: {fileID: 0}
  youLostMenu: {fileID: 0}
